@article{Daniel1961,
author = {Daniel, P. M. and Whitteridge, D.},
file = {:Users/jorchard/Dropbox/Mendeley/Daniel, Whitteridge - The Journal of physiology - 1961.pdf:pdf},
isbn = {0022-3751 (Print)},
issn = {0022-3751},
journal = {The Journal of physiology},
mendeley-groups = {Fast Stereo},
pages = {203--221},
pmid = {13883391},
title = {{the Representation of the Visual Field on the Cerebral Cortex in Monkeys}},
url = {http://jp.physoc.org/content/159/2/203.full.pdf},
volume = {159},
year = {1961}
}

