@article{Felzenszwalb2006a,
author = {Felzenszwalb, Pedro F. and Huttenlocher, Daniel P.},
doi = {10.1007/s11263-006-7899-4},
file = {:home/ehunsber/dropbox/papers/Felzenszwalb, Huttenlocher - 2006 - Efficient Belief Propagation for Early Vision.pdf:pdf},
issn = {0920-5691},
journal = {International Journal of Computer Vision},
month = {may},
number = {1},
pages = {41--54},
title = {{Efficient Belief Propagation for Early Vision}},
volume = {70},
year = {2006}
}
